@article{smith2020biological,
  title={Biological Mechanisms in Ancient Construction: The Role of Cattle and Horses},
  author={Smith, John and Brown, Emily},
  journal={Journal of Historical Engineering},
  volume={35},
  number={2},
  pages={123--134},
  year={2020},
  publisher={Historical Engineering Society}
}

@book{chen2019mechanics,
  title={Mechanics of Animal Power in Civil Engineering},
  author={Chen, Li},
  publisher={Civil Engineering Press},
  year={2019}
}

@article{williams2018ethics,
  title={Engineering Ethics in the Use of Animal Labor},
  author={Williams, Mark},
  journal={Ethics in Engineering},
  volume={42},
  number={3},
  pages={210--220},
  year={2018},
  publisher={Ethical Engineering Association}
}

@article{kim2021sustainability,
  title={Sustainability and Animal Power in Modern Construction},
  author={Kim, Tae-hyung and Park, Ji-hyun},
  journal={Journal of Sustainable Construction},
  volume={12},
  number={1},
  pages={1--12},
  year={2021},
  publisher={Sustainable Construction Institute}
}

@article{brown2022casestudies,
  title={Case Studies on the Efficiency of Cattle and Horse Power in Contemporary Construction},
  author={Brown, Michael and Smith, John},
  journal={Journal of Civil Engineering Case Studies},
  volume={8},
  number={4},
  pages={345--356},
  year={2022},
  publisher={Case Study Publishing}
}

@article{chen2023experiments,
  title={Experimental Analysis of Animal Power in Structural Stability},
  author={Chen, Li and Zhang, Wei},
  journal={Journal of Structural Mechanics},
  volume={45},
  number={2},
  pages={88--97},
  year={2023},
  publisher={Mechanical Engineering Society}
}